<?xml version="1.0" encoding="UTF-8"?>
<collection xmlns:xsi="http://www.w3.org/2001/XMLSchema-instance" xsi:schemaLocation="http://www.loc.gov/MARC21/slim http://www.loc.gov/standards/marcxml/schema/MARC21slim.xsd" xmlns="http://www.loc.gov/MARC21/slim">
<record>
  <leader>00928cam a2200265Mi 4500</leader>
  <controlfield tag="001">1446553</controlfield>
  <controlfield tag="003">NNC</controlfield>
  <controlfield tag="005">20131014140201.0</controlfield>
  <controlfield tag="008">940414s1989    ir            000 0 ara d</controlfield>
  <datafield tag="035" ind1=" " ind2=" ">
    <subfield code="a">(OCoLC)24808604</subfield>
  </datafield>
  <datafield tag="035" ind1=" " ind2=" ">
    <subfield code="9">AHW6612CU</subfield>
  </datafield>
  <datafield tag="035" ind1=" " ind2=" ">
    <subfield code="a">(OCoLC)ocm24808604</subfield>
  </datafield>
  <datafield tag="035" ind1=" " ind2=" ">
    <subfield code="a">(NNC)1446553</subfield>
  </datafield>
  <datafield tag="040" ind1=" " ind2=" ">
    <subfield code="a">HLS</subfield>
    <subfield code="c">HLS</subfield>
    <subfield code="d">OCL</subfield>
    <subfield code="d">OCLCQ</subfield>
    <subfield code="d">OCLCG</subfield>
  </datafield>
  <datafield tag="050" ind1=" " ind2="4">
    <subfield code="a">PK6465</subfield>
    <subfield code="b">.Z967 1989</subfield>
  </datafield>
  <datafield tag="100" ind1="1" ind2=" ">
    <subfield code="a">Ṣāwī, Ṣalāḥ.</subfield>
  </datafield>
  <datafield tag="245" ind1="1" ind2="0">
    <subfield code="a">Dīwān al-ʻishq :</subfield>
    <subfield code="b">shiʻr Ḥāfiẓ al-Shīrāzī /</subfield>
    <subfield code="c">naqalahu ilá al-ʻArabīyah Ṣalāḥ al-Ṣāwī.</subfield>
  </datafield>
  <datafield tag="250" ind1=" " ind2=" ">
    <subfield code="a">al-Ṭabʻah 1.</subfield>
  </datafield>
  <datafield tag="260" ind1=" " ind2=" ">
    <subfield code="a">Ṭahrān :</subfield>
    <subfield code="b">Markaz al-Nashr al-Thaqāfī,</subfield>
    <subfield code="c">1989.</subfield>
  </datafield>
  <datafield tag="300" ind1=" " ind2=" ">
    <subfield code="a">330 p.</subfield>
  </datafield>
  <datafield tag="500" ind1=" " ind2=" ">
    <subfield code="a">Arabic and Persian.</subfield>
  </datafield>
  <datafield tag="600" ind1="0" ind2="0">
    <subfield code="a">Ḥāfiẓ,</subfield>
    <subfield code="d">active 14th century</subfield>
    <subfield code="x">Criticism and interpretation.</subfield>
  </datafield>
  <datafield tag="700" ind1="0" ind2="2">
    <subfield code="a">Ḥāfiẓ,</subfield>
    <subfield code="d">active 14th century.</subfield>
    <subfield code="t">Dīvān.</subfield>
    <subfield code="k">Selections.</subfield>
    <subfield code="l">Arabic &amp; Persian.</subfield>
  </datafield>
  <datafield tag="955" ind1=" " ind2=" ">
    <subfield code="b">0063228807</subfield>
    <subfield code="d">glx</subfield>
    <subfield code="e">PK6465 .Z967 1989g</subfield>
  </datafield>
</record>
</collection>